<record><leader>01380cam a2200361 i 4500</leader><controlfield tag="001">6758479</controlfield><controlfield tag="003">OCoLC</controlfield><controlfield tag="005">20141201104834.0</controlfield><controlfield tag="008">140310t20152015caua          001 0 eng d</controlfield><datafield ind1=" " ind2=" " tag="020"><subfield code="a">9780321968142 (paperback)</subfield></datafield><datafield ind1=" " ind2=" " tag="020"><subfield code="a">032196814X (paperback)</subfield></datafield><datafield ind1=" " ind2=" " tag="035"><subfield code="a">ocn872430095</subfield></datafield><datafield ind1=" " ind2=" " tag="040"><subfield code="a">BTCTA</subfield><subfield code="b">eng</subfield><subfield code="e">rda</subfield><subfield code="c">BTCTA</subfield><subfield code="d">BDX</subfield><subfield code="d">WIM</subfield><subfield code="d">AEU</subfield></datafield><datafield ind1=" " ind2="4" tag="050"><subfield code="a">NK1548</subfield><subfield code="b">.K73 2015</subfield></datafield><datafield ind1="0" ind2="4" tag="082"><subfield code="a">701/.85</subfield><subfield code="2">23</subfield></datafield><datafield ind1=" " ind2=" " tag="090"><subfield code="a">NK 1548 K73 2015</subfield><subfield code="b">AEU</subfield></datafield><datafield ind1="1" ind2=" " tag="100"><subfield code="a">Krause, Jim,</subfield><subfield code="d">1962-</subfield><subfield code="e">author.</subfield></datafield><datafield ind1="1" ind2="0" tag="245"><subfield code="a">Color for designers :</subfield><subfield code="b">ninety-five things you need to know when choosing and using colors for layouts and illustrations /</subfield><subfield code="c">Jim Krause.</subfield></datafield><datafield ind1="3" ind2="0" tag="246"><subfield code="a">95 things you need to know when choosing and using colors for layouts and illustrations</subfield></datafield><datafield ind1=" " ind2="1" tag="264"><subfield code="a">[San Francisco, CA] :</subfield><subfield code="b">New Riders, an imprint of Peachpit,</subfield><subfield code="c">[2015]</subfield></datafield><datafield ind1=" " ind2="4" tag="264"><subfield code="c">&#169;2015</subfield></datafield><datafield ind1=" " ind2=" " tag="300"><subfield code="a">240 pages :</subfield><subfield code="b">color illustrations ;</subfield><subfield code="c">22 cm.</subfield></datafield><datafield ind1=" " ind2=" " tag="336"><subfield code="a">text</subfield><subfield code="b">txt</subfield><subfield code="2">rdacontent</subfield></datafield><datafield ind1=" " ind2=" " tag="336"><subfield code="a">still image</subfield><subfield code="b">sti</subfield><subfield code="2">rdacontent</subfield></datafield><datafield ind1=" " ind2=" " tag="337"><subfield code="a">unmediated</subfield><subfield code="b">n</subfield><subfield code="2">rdamedia</subfield></datafield><datafield ind1=" " ind2=" " tag="338"><subfield code="a">volume</subfield><subfield code="b">nc</subfield><subfield code="2">rdacarrier</subfield></datafield><datafield ind1="0" ind2=" " tag="490"><subfield code="a">Creative core ;</subfield><subfield code="v">Book 02</subfield></datafield><datafield ind1=" " ind2=" " tag="500"><subfield code="a">Includes index.</subfield></datafield><datafield ind1=" " ind2=" " tag="596"><subfield code="a">43</subfield></datafield><datafield ind1=" " ind2="0" tag="650"><subfield code="a">Design</subfield><subfield code="x">Color.</subfield></datafield><datafield ind1=" " ind2="0" tag="650"><subfield code="a">Color in art.</subfield></datafield><datafield ind1=" " ind2=" " tag="949"><subfield code="a">NK 1548 K73 2015</subfield><subfield code="c">1</subfield><subfield code="h">UAHS-B</subfield><subfield code="i">0162035198496</subfield></datafield><datafield ind1=" " ind2=" " tag="926"><subfield code="a">NK 1548 K73 2015</subfield><subfield code="w">LC</subfield><subfield code="c">1</subfield><subfield code="i">0162035198496</subfield><subfield code="d">12/2/2015</subfield><subfield code="e">11/13/2015</subfield><subfield code="l">ON_SHELF</subfield><subfield code="m">UAHSS</subfield><subfield code="n">7</subfield><subfield code="p">$150.00</subfield><subfield code="r">Y</subfield><subfield code="s">Y</subfield><subfield code="t">BOOK</subfield><subfield code="u">12/12/2014</subfield></datafield></record>